@conference{visapp20:paper,
	author = {R. Pohle{-}Fr\"ohlich and C. Dalitz and C. Richter and T. Hahnen and B. St\"audle and K. Albracht},
	title = {Estimation of Muscle Fascicle Orientation in Ultrasonic Images},
	booktitle = {Proceedings of the 15th International Joint Conference on Computer Vision, Imaging and Computer Graphics Theory and Applications - Volume 5: VISAPP},
	year = {2020},
	pages = {79-86},
	publisher = {SciTePress},
	organization = {INSTICC},
	doi = {10.5220/0008933900790086},
	% isbn = {978-989-758-402-2},
}